@article{roemer-2012,
  author = "R. Roemer and E. Buchanan and H. Shacham and S. Savage",
  title = "Return-Oriented Programming: Systems, Languages, and Applications",
  journal = "ACM Transactions on Information System Security",
  volume = 15,
  number = 1,
  year = 2012,
  month= mar,
  pages = "2:1--2:34"
}

@inproceedings{schwartz-2011,
  author = "E. J. Schwartz and T. Avgerinos and D. Brumley",
  title = "Q: Exploit Hardening Made Easy",
  booktitle = "{USENIX} Security Symposium",
  year=2011
}
